<?xml version="1.0" encoding="UTF-8"?><collection xmlns="http://www.loc.gov/MARC21/slim"><record><leader>00355nam--2200145-i-4500</leader><controlfield tag="001">000028808</controlfield><controlfield tag="002">20161230</controlfield><controlfield tag="005">20161230201037</controlfield><controlfield tag="008">060222s1000------------r-----000-0-eng-d</controlfield><datafield ind1=" " ind2=" " tag="080"><subfield code="a">56</subfield></datafield><datafield ind1=" " ind2=" " tag="245"><subfield code="a">The sun</subfield></datafield><datafield ind1=" " ind2=" " tag="260"><subfield code="a">Chicago, The University Of Chicago Press, 1954. Xix + 745p</subfield></datafield><datafield ind1=" " ind2=" " tag="490"><subfield code="a">The Solar System</subfield></datafield><datafield ind1=" " ind2=" " tag="700"><subfield code="a">Kuiper, Gerard P</subfield></datafield><datafield ind1=" " ind2=" " tag="852"><subfield code="a">10300</subfield></datafield></record></collection>